<record><leader>00000cas a2200000 a 4500</leader><controlfield tag="001">9497193</controlfield><controlfield tag="008">830510d1873187umiudr ne      0    0eng  </controlfield><datafield ind1=" " ind2=" " tag="010"><subfield code="a">sn 83016158 </subfield></datafield><datafield ind1=" " ind2=" " tag="040"><subfield code="a">DLC</subfield><subfield code="b">eng</subfield><subfield code="c">DLC</subfield><subfield code="d">MHN</subfield><subfield code="d">OCL</subfield><subfield code="d">MHN</subfield><subfield code="d">OCLCQ</subfield><subfield code="d">OCLCF</subfield><subfield code="d">OCLCO</subfield></datafield><datafield ind1=" " ind2=" " tag="042"><subfield code="a">pcc</subfield></datafield><datafield ind1=" " ind2=" " tag="043"><subfield code="a">n-us-mi</subfield></datafield><datafield ind1="0" ind2="0" tag="050"><subfield code="a">Newspaper 8401-X</subfield></datafield><datafield ind1="0" ind2=" " tag="130"><subfield code="a">Morning chronicle (Bay City, Mich.)</subfield></datafield><datafield ind1="1" ind2="0" tag="245"><subfield code="a">Morning chronicle.</subfield></datafield><datafield ind1=" " ind2=" " tag="260"><subfield code="a">Bay City, Mich. :</subfield><subfield code="b">[Chronicle Print. Association]</subfield></datafield><datafield ind1=" " ind2=" " tag="300"><subfield code="a">v. ;</subfield><subfield code="c">68 cm.</subfield></datafield><datafield ind1=" " ind2=" " tag="310"><subfield code="a">Daily (except Mon.)</subfield></datafield><datafield ind1="0" ind2=" " tag="362"><subfield code="a">Vol. 1, no. 1 (June 17, 1873)-</subfield></datafield><datafield ind1=" " ind2=" " tag="500"><subfield code="a">"Republican." Cf. Rowell, 1878.</subfield></datafield><datafield ind1=" " ind2=" " tag="500"><subfield code="a">Issues also called:&lt;Vol. 1, no. 144 (Dec. 3, 1873)--v.1, no. 267 (Apr. 30, 1874)&gt;</subfield></datafield><datafield ind1=" " ind2="0" tag="651"><subfield code="a">Bay City (Mich.)</subfield><subfield code="v">Newspapers.</subfield></datafield><datafield ind1=" " ind2="0" tag="651"><subfield code="a">Bay County (Mich.)</subfield><subfield code="v">Newspapers.</subfield></datafield><datafield ind1=" " ind2="7" tag="655"><subfield code="a">Newspapers.</subfield><subfield code="2">fast</subfield><subfield code="0">(OCoLC)fst01423814</subfield></datafield><datafield ind1=" " ind2="7" tag="651"><subfield code="a">Michigan</subfield><subfield code="z">Bay City.</subfield><subfield code="2">fast</subfield><subfield code="0">(OCoLC)fst01212810</subfield></datafield><datafield ind1=" " ind2="7" tag="651"><subfield code="a">Michigan</subfield><subfield code="z">Bay County.</subfield><subfield code="2">fast</subfield><subfield code="0">(OCoLC)fst01210252</subfield></datafield><datafield ind1=" " ind2=" " tag="752"><subfield code="a">United States</subfield><subfield code="b">Michigan</subfield><subfield code="c">Bay</subfield><subfield code="d">Bay City.</subfield></datafield><datafield ind1="0" ind2="0" tag="785"><subfield code="t">Bay City morning chronicle</subfield><subfield code="w">(DLC)sn 98066020</subfield><subfield code="w">(OCoLC)38918720</subfield></datafield></record>